<record><leader>00000cas a22000007a 4500</leader><controlfield tag="001">19358969</controlfield><controlfield tag="008">890314d19711978pauwr ne      0    0eng d</controlfield><datafield ind1=" " ind2=" " tag="010"><subfield code="a">sn 89077672 </subfield></datafield><datafield ind1=" " ind2=" " tag="040"><subfield code="a">NPH</subfield><subfield code="b">eng</subfield><subfield code="c">NPH</subfield><subfield code="d">OCLCQ</subfield></datafield><datafield ind1=" " ind2=" " tag="042"><subfield code="a">msc</subfield></datafield><datafield ind1="0" ind2=" " tag="130"><subfield code="a">Globe and New Wilmington globe (New Wilmington, Pa. : Unified ed.)</subfield></datafield><datafield ind1="1" ind2="0" tag="245"><subfield code="a">Globe and New Wilmington globe.</subfield></datafield><datafield ind1=" " ind2=" " tag="260"><subfield code="a">New Wilmington, Pa. :</subfield><subfield code="b">[s.n.],</subfield><subfield code="c">1971-1978.</subfield></datafield><datafield ind1=" " ind2=" " tag="300"><subfield code="a">v. :</subfield><subfield code="b">ill.</subfield></datafield><datafield ind1=" " ind2=" " tag="310"><subfield code="a">Weekly</subfield></datafield><datafield ind1="0" ind2=" " tag="362"><subfield code="a">Vol. 92, no. 27-3 (Feb. 4, 1971)-v. 99, no. 5 (Aug. 31, 1978).</subfield></datafield><datafield ind1=" " ind2=" " tag="580"><subfield code="a">Formed by the merger of: Globe and New Wilmington globe (New Wilmington, Pa. : New Wilmington section), and: Globe and New Wilmington globe (New Wilmington globe (New Wilmington, Pa. : Neshannock Twp. section), and: Globe and New Wilmington globe (New Wilmington, Pa. : Lawrence County section).</subfield></datafield><datafield ind1=" " ind2=" " tag="752"><subfield code="a">United States</subfield><subfield code="b">Pennsylvania</subfield><subfield code="c">Lawrence</subfield><subfield code="d">New Wilmington.</subfield></datafield><datafield ind1="1" ind2="4" tag="780"><subfield code="a">Globe and New Wilmington globe (New Wilmington, Pa. : New Wilmington section)</subfield><subfield code="w">(DLC)sn 89077669</subfield></datafield><datafield ind1="1" ind2="4" tag="780"><subfield code="a">Globe and New Wilmington globe (New Wilmington, Pa. : Neshannock Twp. section)</subfield><subfield code="w">(DLC)sn 89077671</subfield></datafield><datafield ind1="1" ind2="4" tag="780"><subfield code="a">Globe and New Wilmington globe (New Wilmington, Pa. : Lawrence County section)</subfield><subfield code="w">(DLC)sn 89077670</subfield></datafield><datafield ind1="0" ind2="0" tag="785"><subfield code="a">Globe (New Wilmington, Pa.)</subfield><subfield code="w">(DLC)sn 89077673</subfield></datafield></record>